@article{LQTAQSAR2009,
  author   = {Martins, João Paulo A. and Barbosa, Euzébio G. and Pasqualoto, Kerly F. M. and Ferreira, Márcia M. C.},
  title    = {LQTA-QSAR},
  subtitle = {A New 4D-QSAR Methodology},
  year     = {2009},
  journal  = {Journal of Chemical Information and Modeling},
  volume   = {49},
  number   = {6},
  pages    = {1428--1436},
  date     = {2009},
  priority = {prio1},
  groups   = {Parceiros, QSAR Theory},
  doi      = {10.1021/ci900014f},
}

@article{Cramer1988,
  author  = {Cramer, Richard D. and Patterson, David E. and Bunce, Jeffrey D.},
  title   = {Comparative molecular field analysis (CoMFA). 1. Effect of shape on binding of steroids to carrier proteins},
  year    = {1988},
  journal = {Journal of the American Chemical Society},
  volume  = {110},
  number  = {18},
  pages   = {5959-5967},
  ranking = {rank5},
  groups  = {Historical, QSAR Theory},
  doi     = {10.1021/ja00226a005},
}

@thesis{Tenorio2018,
  author      = {João Vitor Soares Tenório},
  title       = {Uma Nova Amostragem de Descritores para Predição de Atividade Biológica},
  year        = {2018},
  institution = {Universidade Federal de Minas Gerais},
  type        = {mathesis},
  priority    = {prio1},
  groups      = {Parceiros, QSAR Theory, Foundational},
  location    = {Belo Horizonte},
}

@article{Hopfinger1997,
  author       = {Hopfinger, A. J. and Wang, Shen and Tokarski, John S. and Jin, Baiqiang and Albuquerque, Magaly and Madhav, Prakash J. and Duraiswami, Chaya},
  title        = {Construction of 3D-QSAR Models Using the 4D-QSAR Analysis Formalism},
  year         = {1997},
  journal      = {Journal of the American Chemical Society},
  journaltitle = {Journal of the American Chemical Society},
  volume       = {119},
  number       = {43},
  pages        = {10509-10524},
  date         = {1997},
  ranking      = {rank5},
  groups       = {Historical, QSAR Theory},
  doi          = {10.1021/ja9718937},
}

@thesis{Rens2012,
  author       = {Jasper van Rens},
  title        = {An NMR Study of the Dehydration of NaBr.2H2O and Na2SO4.10H2O Crystals},
  type         = {Bachelor's thesis},
  institution  = {Eindhoven University of Technology},
  year         = {2012},
  url          = {https://research.tue.nl/en/studentTheses/d97d7451-33ae-4ac3-b5af-ce3eeda5ca90},
  urldate = {2025-04-29},
}
@article{Donkers2015,
  title = {Na2SO4.10H2O dehydration in view of thermal storage},
  volume = {134},
  ISSN = {0009-2509},
  DOI = {10.1016/j.ces.2015.05.028},
  journal = {Chemical Engineering Science},
  publisher = {Elsevier BV},
  author = {Donkers,  P.A.J. and Linnow,  K. and Pel,  L. and Steiger,  M. and Adan,  O.C.G.},
  year = {2015},
  month = sep,
  pages = {360–366}
}

@article{Kamburov2014,
  title = {Similarities and peculiarities between the crystal structures of the hydrates of sodium sulfate and selenate},
  volume = {70},
  ISSN = {2052-5206},
  DOI = {10.1107/s2052520614007653},
  number = {4},
  journal = {Acta Crystallographica Section B Structural Science,  Crystal Engineering and Materials},
  publisher = {International Union of Crystallography (IUCr)},
  author = {Kamburov,  Stoyan and Schmidt,  Horst and Voigt,  Wolfgang and Balarew,  Christo},
  year = {2014},
  month = jul,
  pages = {714–722}
}

@article{SankarDeepa2022,
  title = {Phase transition behaviour of hydrated Glauber’s salt based phase change materials and the effect of ionic salt additives: A molecular dynamics study},
  volume = {203},
  ISSN = {0927-0256},
  DOI = {10.1016/j.commatsci.2021.111112},
  journal = {Computational Materials Science},
  publisher = {Elsevier BV},
  author = {Sankar Deepa,  Ashwin and Tewari,  Abhishek},
  year = {2022},
  month = feb,
  pages = {111112}
}
@book{Gabbott2008,
  title = {Principles and Applications of Thermal Analysis},
  editor = {Paul Gabbott},
  ISBN = {9780470697702},
  DOI = {10.1002/9780470697702},
  publisher = {Wiley},
  year = {2008},
  month = jan
}

@article{Xu2018,
  title = {Experimental and application study of Na2SO4.10H2O with additives for cold storage},
  volume = {136},
  ISSN = {1588-2926},
  DOI = {10.1007/s10973-018-7633-9},
  number = {2},
  journal = {Journal of Thermal Analysis and Calorimetry},
  publisher = {Springer Science and Business Media LLC},
  author = {Xu,  Xiaofeng and Zhang,  Xuelai and Zhou,  Sunxi and Wang,  Yinghui and Lu,  Liu},
  year = {2018},
  month = aug,
  pages = {505–512}
}

@article{Gholami2023,
  title = {Experimental study for the use of Na2SO4.10H2O as a PCM with fixed blades for temperature and efficiency parameters of photovoltaic panel},
  volume = {49},
  ISSN = {2214-157X},
  DOI = {10.1016/j.csite.2023.103219},
  journal = {Case Studies in Thermal Engineering},
  publisher = {Elsevier BV},
  author = {Gholami,  Ali and Gorji,  Mofid},
  year = {2023},
  month = sep,
  pages = {103219}
}

@misc{mccarthy2007,
  author     = {McCarthy, John},
  title      = {What is Artificial Intelligence?},
  year       = {2007},
  publisher  = {Stanford University},
  ranking    = {rank4},
  priority   = {prio3},
  readstatus = {skimmed},
  groups     = {Historical, Artificial Intelligence},
  url        = {https://www-formal.stanford.edu/jmc/whatisai.pdf},
  urldate    = {2025-03-03},
}

@article{turing1950,
  author    = {Turing, Alan M.},
  title     = {Computing Machinery and Intelligence},
  year      = {1950},
  journal   = {Mind},
  volume    = {59},
  number    = {236},
  issn      = {00264423},
  publisher = {Oxford University Press on behalf of the Mind Association},
  language  = {English},
  ranking   = {rank5},
  priority  = {prio1},
  groups    = {Historical, Artificial Intelligence},
  url       = {http://www.jstor.org/stable/2251299},
  urldate   = {2025-03-03},
}

